@book{quarteroni2009numerical,
  title={Numerical models for differential problems},
  author={Quarteroni, Alfio and Quarteroni, Silvia},
  volume={2},
  year={2009},
  publisher={Springer}
}

@article{baik1999modeling,
  title={Modeling the thermal properties of a cup cake during baking},
  author={Baik, OD and Sablani, SS and Marcotte, M and Castaigne, F},
  journal={Journal of Food Science},
  volume={64},
  number={2},
  pages={295--299},
  year={1999},
  publisher={Wiley Online Library}
}